%%% Months
@string{JAN = "January"}
@string{FEB = "February"}
@string{MAR = "March"}
@string{APR = "April"}
@string{MAY = "May"}
@string{JUN = "June"}
@string{JUL = "July"}
@string{AUG = "August"}
@string{SEP = "September"}
@string{OCT = "October"}
@string{NOV = "November"}
@string{DEC = "December"}

%%% Journals
@string{PIEEE = "Proc. of the IEEE"}
@string{IEEEJSAC = "IEEE J. Selected Areas in Communications"}
@string{IEEETN = "IEEE/ACM Trans. Networking"}
@string{IEEETCOM = "IEEE Trans. Communications"}
@string{IEEETIT = "IEEE Trans. Information Theory"}
@string{INTERNETWORK = "Journal of Internetworking: Research and Experience"}
@string{IJDACS = "International Journal on Digital and Analog Communication Systems"}
@string{IJCS = "International Journal on Communication Systems"}
@string{ACMTCS = "ACM Trans. Computer Systems"}
@string{JACM = "J. of the ACM"}
@string{MTA = "Multimedia Tools and Applications"}
@string{CC = "Computer Communications"}
@string{IPJ = "Internet Protocol Journal"}
@string{TON = "IEEE/ACM Transactions on Networking (TON)"}
@string{TOCS = "ACM Transactions on Computer Systems (TOCS)"}

%%% Magazines
@string{CACM = "Communications of the ACM"}
@string{COMPUTER = "IEEE Computer Magazine"}
@string{IEEECOM = "IEEE Communication Magazine"}
@string{IEEENET = "IEEE Network Magazine"}
@string{CCR = "ACM Computer Communication Review"}

%%% Conferences

@string{INFOCOM = "INFOCOM"}
@string{GLOBECOM = "GLOBECOM"}
@string{GINET = "Proc. of IEEE Global Internet Symposium"}
@string{INET = "Proc. of INET"}
@string{SIGCOMM = "SIGCOMM"}
@string{SIGMETRICS = "SIGMETRICS"}
@string{HSNMC="Proc. of High Speed Networking and Multimedia Computing Symp."}
@string{ICNP = "ICNP"}
@string{ICC = "Proc. of International Conference on Communications"}
@string{FTCS = "Proc. of International Symposium on Fault-Tolerant Computing"}
@string{ITCOM = "Proc. of Workshop on Scalability and Traffic Control in IP Networks, SPIE ITCOM Conference"}
@string{IMW = "IMW"}
@string{IPTPS = "Proc. of of International Workshop on Peer-to-Peer Systems (IPTPS)"}
@string{NOSSDAV = "International Workshop on Network and Operating System Support for Digital Audio and Video (NOSSDAV)"}
@string{MOBICOM = "Mobicom"}
@string{MOBISYS = "Mobisys"}
@string{MOBISYSDEMO = "Mobisys (System Demo)"}
@string{NSDI = "NSDI"}
@string{CCS = "CCS"}
%@string{IMC = "Proc. of Internet Measurement Conference (IMC)"}
@string{IMC = "IMC"}
@string{SOSP = "SOSP"}
@string{OSDI = "OSDI"}
@string{USITS = "USITS"}
@string{ICDCS = "ICDCS"}
@string{PAM = "Proc. of Passive and Active Measurement conference (PAM)"}
@string{ICSP = "Proc. of International Conference on Signal Processing (ICSP)"}
@string{FAST = "Proc. of USENIX Conference on File and Storage Technologies (FAST)"}
@string{WWW = "WWW"}
%@string{CONEXT = "Proc. of International Conference on Emerging Networking Experiments and Technologies (CoNEXT)"}
@string{CONEXT = "CoNEXT"}
@string{CODES+ISSS= "The International Conference on Hardware-Software
                  Codesign and System Synthesis"}



%%% Publishers
@string{AW="Addison-Wesley"}
@string{CP="Cisco Press"}
@string{PH="Prentice Hall"}

@InProceedings{veal05,
  author = {Bryan Veal and Kang Li and David Lowenthal},
  title =    {{New Methods for Passive Estimation of TCP Round-Trip Times}},
  year =     {2005},
  booktitle = {PAM}
}

@InProceedings{williams96,
  author = {Stephen Williams and Marc Abrams and Charles Standridge and Ghaleb Abdulla and Edward Fox},
  title =    {{Removal Policies in Network Caches for World-Wide Web Documents}},
  year =     {2006},
  booktitle = SIGCOMM
}

@InProceedings{maier10,
  author = {Gregor Maier and Fabian Schneider and and Anja Feldmann},
  title =    {{A First Look at Mobile Hand-held Device Traffic}},
  year =     {2010},
  booktitle = {PAM}
}

@InProceedings{trat,
  author = {Yin Zhang and Lee Breslau and Vern Paxson and Scott Shenker},
  title =    {{On the Characteristics and Origins of Internet Flow Rates}},
  year =     {2002},
  booktitle = SIGCOMM
}

@InProceedings{tbit,
  author = {Jitendra Padhye and Sally Floyd},
  title =    {{Identifying the TCP Behavior of Web Servers}},
  year =     {2001},
  booktitle = SIGCOMM
}

@article{lan06,
    author = {Kun-chan Lan and John Heidemann},
    title = {{Measurement Study of Correlations of Internet Flow Characteristics}},
    journal = {Computer Networks},
    volume = {50},
    year = {2006}
}

@article{wong06,
    author = {Kin-Yeung Wong},
    title = {{Web Cache Replacement Policies: a Pragmatic Approach}},
    journal = {IEEE Network},
    volume = {January/February},
    year = {2006}
}


@Misc{rfc675,
    author = {Vinton Cerf and Yogen Dalal and Carl Sunshine},
    title = {{Specification of Internet Transmission Control Program}},
    howpublished = {RFC 675},
    year = {1974}
}

@Misc{qualcomm,
    howpublished = {Engineering Services Group, Qualcomm},
    title = {{System Parameter Recommendations to Optimize PS Data User Experience and UE Battery Life}},
    year = {2007}
}

@Misc{hstcp,
    author = {Sally Floyd},
    title = {{HighSpeed TCP for Large Congestion Windows}},
    howpublished = {RFC 3649},
    year = {2003}
}

@Misc{rfc2616,
    author = {Roy Fielding and James Gettys and Jeffrey Mogul and Henrik Frystykand Larry Masinter and Paul Leach and Tim Berners-Lee },
    title = {{Hypertext Transfer Protocol - HTTP/1.1 }},
    howpublished = {RFC 2616},
    year = {1999}
}

@Misc{rfc2581,
    author = {Mark Allman and Vern Paxson and William Richard Stevens},
    title = {{TCP Congestion Control}},
    howpublished = {RFC 2581},
    year = {1999}
}

@Misc{rfc3390,
    author = {Mark Allman and Sally Floyd and Craig Partridge},
    title = {{Increasing TCP's Initial Window}},
    howpublished = {RFC 3390},
    year = {2002}
}

@Misc{rfc2988,
    author = {Vern Paxson and ark Allman},
    title = {{Computing TCP's Retransmission Timer}},
    howpublished = {RFC 2988},
    year = {2000}
}

@Misc{tbittool,
  title =    {{TBIT, the TCP Behavior Inference Tool}},
  howpublished = {\url{http://www.icir.org/tbit/}}
}

@Misc{instant_search,
  title =    {{Google Instant search now available globally for iOS4 and Android 2.2+}},
  howpublished = {\url{http://www.mobileburn.com/news.jsp?Id=12012}}
}

@Misc{root_android,
  title =    {{Universal 1-Click Root App for Android Devices}},
  howpublished = {\url{http://androidspin.com/2010/08/10/universal-1-click-root-app-for-android-devices/}}
}

@Misc{expires_header,
  title =    {{Add an Expires or a Cache-Control Header}},
  howpublished = {\url{http://developer.yahoo.com/performance/rules.html#expires}}
}

@Misc{nexusone,
    title =     {{Google Nexus One Phone}},
  howpublished = {\url{http://www.google.com/phone/static/en_US-nexusone_tech_specs.html}}
}


@Misc{tcpflows,
    title = {{tcpflows}},
    howpublished = {\url{http://www-net.cs.umass.edu/~sharad/tcpflows.html}}
}

@Misc{windns,
    title = {{DNSQueryTimeouts}},
    howpublished = {\url{http://technet.microsoft.com/en-us/library/cc977482.aspx}}
}

@InProceedings{sharad04,
    author = {Sharad Jaiswal and Gianluca Iannaccone and Christophe Diot and Jim Kurose and Don Towsley},
    title = {{Inferring TCP Connection Characteristics through Passive Measurements}},
    year = {2004},
    booktitle = INFOCOM
}

@InProceedings{rodriguez03,
    author = {Pablo Rodriguez and Vitali Fridman},
    title = {{Performance of PEPs in CellularWireless Networks}},
    year = {2003},
    booktitle = "WCW"
}

@InProceedings{zhang04_icsp,
    author = {Yibo Zhang and Zhenming Lei},
    title = {{Estimate Round-Trip Time of TCP in a Passive Way}},
    year = {2004},
    booktitle = ICSP
}

@InProceedings{shaikh99,
    author = {Anees Shaikh and Jennifer Rexford and Kang Shin},
    title = {{Load Sensitive Routing of Long-lived IP Flows}},
    year = {1999},
    booktitle = SIGCOMM
}

@InProceedings{bhattacharyya01,
    author = {Supratik Bhattacharyya and Christophe Diot and Jorjeta Jetcheva and Nina Taft},
    title = {{Pop-level and Access-link-level Traffic Dynamics in a Tier-1 POP}},
    year = {2001},
    booktitle = IMW
}

@InProceedings{mahajan02,
    author = {Ratul Mahajan and Steven Bellovin and Sally Floyd and John Ioannidis and Vern Paxson and Scott Shenker},
    title = {{Controlling High Bandwidth Aggregates in the Network}},
    year = {2002},
    booktitle = CCR,
}

@InProceedings{estan03,
    author = {Cristian Estan and Stefan Savage and George Varghese},
    title = {{Automatically Inferring Patterns of Resource Consumption in Network Traffic}},
    year = {2003},
    booktitle = SIGCOMM
}

@InProceedings{agrawal07,
    author = {Nitin Agrawal and William J. Bolosky and John R. Douceur and Jacob R. Lorch},
    title = {{A Five-Year Study of File-System Metadata}},
    year = {2007},
    booktitle = FAST
}

@InProceedings{leung08,
    author = {Andrew W. Leung and Shankar Pasupathy and Garth Goodson and Ethan L. Miller},
    title = {{Measurement and Analysis of Large-Scale Network File System Workloads}},
    year = {2008},
    booktitle = {USENIX Annual Technical Conference}
}

@InProceedings{sen04,
    author = {Subhabrata Sen and Oliver Spatscheck and Dongmei Wang},
    title = {{Scalable In-network Identification of P2P Traffic Using Application Signatures}},
    year = {2004},
    booktitle = WWW
}

@phdthesis{jaiswal05,
 author = {Sharad Jaiswal},
 title = {{Measurements-in-the-Middle: Inferring end-end path properties and characteristics of TCP connections through passive measurements}},
 year = {2005},
 school = {University of Massachusetts Amherst}
}

@InProceedings{vern97,
    author = {Vern Paxson},
    title = {{Automated Packet Trace Analysis of TCP Implementations}},
    year = {1997},
    booktitle = SIGCOMM
}

@Book{dspbook,
    author = {Alan V. Oppenheim and Ronald W. Schafer and John R. Buck},
    title = {{Discrete-Time Signal Processing (2nd Edition)}},
    year = {1999},
    publisher = {Prentice Hall}
}

@Book{breiman84,
    author = {Leo Breiman and Jerome Friedman and Charles J. Stone and R.A. Olshen},
    title = {{Classification and Regression Trees}},
    year = {1984},
    publisher = {Chapman and Hall}
}

@InProceedings{jiang02,
    author = {Hao Jiang and Constantinos Dovrolis},
    title = {{Passive Estimation of TCP RoundTrip Times}},
    year = {2002},
    booktitle = CCR
}

@InProceedings{paxson97,
    author = {Vern Paxson},
    title = {{End-to-end Internet Packet Dynamics}},
    year = {1997},
    booktitle = CCR
}

@InProceedings{thompson97,
    author = {Kevin Thompson and Gregory J. Miller and Rick Wilder},
    title = {{Wide-area Internet Traffic Patterns and Characteristics}},
    year = {1997},
    booktitle = IEEENET,
}

@InProceedings{sripanidkulchai04,
    author = {Kunwadee Sripanidkulchai and Bruce Maggs and Hui Zhang},
    title = {{An Analysis of Live Streaming Workloads on the Internet}},
    year = {2004},
    booktitle = IMC
}

@InProceedings{guo06,
    author = {Lei Guo and Enhua Tan and Songqing Chen and Zhen Xiao and Oliver Spatscheck and Xiaodong Zhang},
    title = {{Delving into Internet Streaming Media Delivery: A Quality and Resource Utilization Perspective}},
    year = {2006},
    booktitle = IMC
}

@InProceedings{qian09,
    author = {Feng Qian and Alexandre Gerber and Z. Morley Mao and Subhabrata Sen and Oliver Spatscheck and Walter Willinger},
    title = {{TCP Revisited: A Fresh Look at TCP in the Wild}},
    year = {2009},
    booktitle = IMC
}

@InProceedings{medina04,
    author = {Alberto Medina and Mark Allman and Sally Floyd},
    title = {{Measuring Interactions Between Transport Protocols and Middleboxes}},
    year = {2004},
    booktitle = IMC
}

@InProceedings{chambers05,
    author = {Chris Chambers and Wu-chang Feng and Sambit Sahu and Debanjan Saha},
    title = {{Measurement-based Characterization of a Collection of On-line Games}},
    year = {2005},
    booktitle = IMC
}

@InProceedings{dischinger07,
    author = {Marcel Dischinger and Andreas Haeberlen and Krishna P. Gummadi and Stefan Saroiu},
    title = {{Characterizing Residential Broadband Networks}},
    year = {2007},
    booktitle = IMC
}

@InProceedings{estan03_2,
    author = {Cristian Estan and George Varghese},
    title = {{New Directions in Traffic Measurement and Accounting: Focusing on the Elephants, Ignoring the Mice}},
    year = {2003},
    booktitle = TOCS
}

@InProceedings{markopoulou02,
    author = {Athina P. Markopoulou and Fouad A. Tobagi and Mansour J. Karam},
    title = {{Assessment of VoIP Quality over Internet Backbones}},
    year = {2002},
    booktitle = INFOCOM
}

@InProceedings{bresla99,
    author = {Lee Breslau and Pei Cao and Li Fan and Graham Phillips and Scott Shenker},
    title = {{Web Caching and Zipf-like Distributions: Evidence and Implications}},
    year = {1999},
    booktitle = INFOCOM
}

@Article{paul98,
    author = {Paul Barford and Azer Bestavros and Adam Bradley and Mark Crovella},
    title = {{Changes in Web client access patterns: Characteristics and caching implications}},
    journal = {World Wide Web},
    year = {1999},
    volume = {2},
    pages = {15--28}
}

@Article{podlipnig03,
    author = {Stefan Podlipnig and Laszlo Boszormenyi},
    title = {{A Survey of Web Cache Replacement Strategies}},
    journal = {ACM Computing Surveys},
    year = {2003},
    volume = {35},
    number = {4},
    pages = {374--398}
}


@InProceedings{tcpanaly,
    author = {Vern Paxson},
    title = {{Automated Packet Trace Analysis of TCP Implementations}},
    year = {1997},
    booktitle = CCR
}

@InProceedings{fall96,
    author = {Kevin Fall and Sally Floyd},
    title = {{Simulation-based Comparisons of Tahoe, Reno, and SACK TCP}},
    year = {1996},
    booktitle = CCR
}

@InProceedings{lu03,
    author = {Guohan Lu and Xing Li},
    title = {{On the Correspondency between TCP Acknowledgment Packet and Data Packet}},
    year = {2003},
    booktitle = IMC
}

@InProceedings{fasttcp,
    author = {David X. Wei and Cheng Jin and Steven H. Low and Sanjay Hegde},
    title = {{FAST TCP: motivation, architecture, algorithms, performance}},
    year = {2004},
    booktitle = INFOCOM
}

@Misc{nmap,
  title =    {{Nmap, Free Security Scanner for Network Exploration and Security Audits}},
  howpublished = {\url{http://nmap.org/}}
}

@Misc{detour,
  title =    {{Detours, Binary Interception of Win32 Functions}},
  howpublished = {\url{http://research.microsoft.com/en-us/projects/detours/}}
}

@Misc{p0f,
  title =    {{p0f, a Versatile OS Fingerprinting Tool}},
  howpublished = {\url{http://lcamtuf.coredump.cx/p0f.shtml}}
}

@InProceedings{cubic,
    author = {Sangtae Ha and Injong Rhee and Lisong Xu},
    title = {{CUBIC: A new TCP-friendly high-speed TCP variant}},
    year = {2008},
    booktitle = {Proceedings of the third PFLDNet Workshop}
}

@Misc{hspa,
    title = {{High Speed Packet Access}},
    howpublished = {\url{http://gsmworld.com/technology/hspa.htm}}
}

@Misc{q308,
    title = {{300 Million UMTS Subscribers}},
    howpublished = {\url{http://www.3gpp.org/300-million-UMTS-subscribers}}
}

@Misc{q209,
    title = {{GSM technology reached four billion people UMTS-HSPA by 2012}},
    howpublished = {\url{http://mobileworldcat.org/mobile/technologies/gsm-technology-reached-four-billion.html}}
}

@Misc{3gpp,
    title = {{3rd Generation Partnership Project}},
    howpublished = {\url{http://www.3gpp.org/}}
}

@Misc{rrcbook,
    author = {Jordi Perez-Romero and Oriol Sallent and Ramon Agusti and Miguel Diaz-Guerra},
    title = {{Radio resource management strategies in UMTS}},
    howpublished = {John Wiley and Sons, Inc.},
    year = {2005}
}

@InProceedings{aaron10,
  author = 	 {Aaron Schulman and Vishnu Navda and Ramachandran Ramjee and Neil Spring and Pralhad Deshpande and Calvin Grunewald and Kamal Jain and Venkata Padmanabhan},
  title = 	 {{Bartendr: A Practical Approach to Energy-aware Cellular Data Scheduling}},
  booktitle = MOBICOM,
  year = 	 2010,
}

@InProceedings{higgins10,
  author = 	 {Brett Higgins and Azarias Reda and Timur Alperovich and Jason Flinn and T.J. Giuli and Brian Noble and David Watson },
  title = 	 {{Intentional Networking: Opportunistic Exploitation of Mobile Network Diversity}},
  booktitle = MOBICOM,
  year = 	 2010,
}

@InProceedings{lee07,
    author = {Patrick P. C. Lee and Tian Bu and Thomas Woo},
    title = {{On the Detection of Signaling DoS Attacks on 3G Wireless Networks}},
    booktitle = INFOCOM,
    year = 2007,
}

@Misc{hspabook,
    author = {Harri Holma and Antti Toskala},
    title = {{HSDPA/HSUPA for UMTS: High Speed Radio Access for Mobile Communications}},
    howpublished = {John Wiley and Sons, Inc.},
    year = {2006}
}

@Misc{wcdmabook,
    author = {Harri Holma and Antti Toskala},
    title = {{WCDMA for UMTS: HSPA Evolution and LTE}},
    howpublished = {John Wiley and Sons, Inc.},
    year = {2007}
}

@Misc{monsoon,
title = {{Monsoon Power Monitor}},
note = "\url{http://www.msoon.com/}",
}

@Misc{tcpman,
title = {{TCP Man page}},
note = "\url{http://linux.die.net/man/7/tcp}",
}

@inproceedings{ hengartner02detection,
  author = {U. Hengartner and S. Moon and R. Mortier and C. Diot},
  title = {{Detection and analysis of routing loops in packet traces}},
  booktitle =     IMW,
  year = "2002",}


@inproceedings{ paxson96endtoend,
 author = {Vern Paxson},
 title = {{End-to-end routing behavior in the {Internet}}},
 booktitle = {Proc. the {ACM} {SIGCOMM} Conference on Applications, Technologies, Architectures, and Protocols for Computer Communications},
 series = {ACM SIGCOMM Computer Communication Review},
 volume = {26,4},
 publisher = {ACM Press},
 year = {1996},
  }

@inproceedings{Zhong05,
  author = {Zifei Zhong and Ram Keralapura and Srihari Nelakuditi and Yinzhe Yu and Junling Wang and Chen-Nee Chuah and Sanghwan Lee},
  title = {{Avoiding Transient Loops through Interface-Specific Forwarding}},
  booktitle =  {Proc. IFIP/IEEE IWQoS},
  month = {June},
  year = {2005},
  }

@InProceedings{xia05,
  author = "Jianhong Xia and Lixin Gao and Teng Fei",
  title = {{Flooding Attacks by Exploiting Persistent Forwarding Loops}},
  booktitle = IMC,
  year = 2005,
}

@inproceedings{sridharan-correlation,
  author = {Ashwin Sridharan and Sue.B.Moon and Christophe. Diot},
  title = {{On the Correlation between Route Dynamics and Routing}},
  booktitle =    IMC,
  month = {October},
  year = {2003},
  }

@inproceedings{kompella:nsdi05:iprisk,
  title =        {{IP fault localization via risk modeling}},
  year =         {2005},
  author =       {R. Kompella and J. Yates and A. Greenberg and A. C. Snoeren},
  booktitle = NSDI,
}

@inproceedings{Raghunath,
 author = {Satish Raghunath and K. K. Ramakrishnan and Shivkumar Kalyanaraman and Chris Chase},
 title = {{Measurement based characterization and provisioning of IP VPNs}},
 booktitle = IMC,
 year = {2004},
 }

@inproceedings{Han00,
 author = {Jiawei Han and Jian Pei and Yiwen Yin},
 title = {Mining frequent patterns without candidate generation},
 booktitle = {Proceedings of the 2000 ACM SIGMOD international conference on Management of data},
 year = {2000}
 }

@inproceedings{Ayan99,
 author = {Necip Fazil Ayan and Abdullah Uz Tansel and Erol Arkun},
 title = {An efficient algorithm to update large itemsets with early pruning},
 booktitle = {Proceedings of the fifth ACM SIGKDD international conference on Knowledge discovery and data mining},
 year = {1999}
 }

@inproceedings{Cheung97,
 author = {David Wai-Lok Cheung and Sau Dan Lee and Ben Kao},
 title = {A General Incremental Technique for Maintaining Discovered Association Rules},
 booktitle = {Proceedings of the Fifth International Conference on Database Systems for Advanced Applications (DASFAA)},
 year = {1997}
 }

 @inproceedings{Agrawal94,
 author = {Rakesh Agrawal and Ramakrishnan Srikant},
 title = {Fast Algorithms for Mining Association Rules in Large Databases},
 booktitle = {VLDB '94: Proceedings of the 20th International Conference on Very Large Data Bases},
 year = {1994},
 isbn = {1-55860-153-8},
 pages = {487--499},
 publisher = {Morgan Kaufmann Publishers Inc.},
 address = {San Francisco, CA, USA},
 }

@article{Burch05,
 author = {Hal Burch and Chris Chase},
 title = {Monitoring link delays with one measurement host},
 journal = {SIGMETRICS Perform. Eval. Rev.},
 volume = {33},
 number = {3},
 year = {2005},
 issn = {0163-5999},
 pages = {10--17},
 publisher = {ACM Press},
 address = {New York, NY, USA},
 }

@inproceedings{lixin06,
title = {MIND: A Distributed Multidimensional Indexing for Network Diagnosis},
author = {Xin Li and Fang Bian and Hui Zhang and Christophe Diot and Ramesh Govindan and Wei Hong and Gianluca Iannaccone},
booktitle = {Proc. IEEE INFOCOM},
year = {2006},
}


 @article{Marina,
    author  = "THOTTAN Marina and CHUANYI Ji",
    title   = "{Anomaly detection in IP networks}",
    journal = "IEEE Transactions on Signal Processing",
    volume  = 51,
    number  = 2191,
    year    = 2003
}

 @article{shaikh:jsac02,
    author  = "Aman Shaikh and Mukul Goyal and Albert Greenberg and
               Raju Rajan and K.K. Ramakrishnan",
    title   = "An {OPSF} Topology Server: Design and Evaluation",
    journal = "IEEE Journal on Selected Areas in Communications",
    volume  = 20,
    number  = 4,
    month   = "May",
    year    = 2002
}

@BOOK{timeseries,
  AUTHOR =       "G. E. P. Box and G. M. Jenkins and G. C. Reinsel",
  TITLE =        "Time Series Analysis: Forcasting and Control",
  PUBLISHER =    "Prentice Hall",
  YEAR =         "1994",
  edition =      "3rd",
}

@inproceedings{peidan06,
 author = {Dan Pei and Jacobus {Van der Merwe}},
 title = {{BGP} Convergence in Virtual Private Networks},
 booktitle = IMC,
 year = {2006},
 }

@inproceedings{alarm98,
 author = {P. Wu and R. Bhatnagar and L. Epshtein and M. Bhandaru and Z. Shi},
 title = {{Alarm correlation engine}},
 booktitle = {Proc. IEEE/IFIP Network Operations and Management Symposium},
 year = {1998},
}

@article{chao01,
 author = {C. S. Chao and D. L. Yang and A. C. Liu},
 title = {{An Automated Fault Diagnosis System Using Hierarchical Reasoning and Alarm Correlation}},
 journal = {J. Netw. Syst. Manage.},
 volume = {9},
 number = {2},
 year = {2001},
 issn = {1064-7570},
 pages = {183--202},
 publisher = {Plenum Press},
 address = {New York, NY, USA},
 }

@inproceedings{liu-composite,
 author = {G. Liu and A. Mok and E. Yang},
 title = {{Composite events for network event correlation}},
 booktitle = {Proc. IFIP/IEEE International Symposium on Integrated Network Management},
 year = {1999},
 }
@inproceedings{Nygate,
 author = {Y. A. Nygate},
 title = {Event correlation using rule and object based techniques},
 booktitle = {Proc. IFIP/IEEE International Symposium on Integrated Network Management},
 year = {1995},
 }

@article{ deng93probabilistic,
    author = "Robert H. Deng and Aurel A. Lazar and Weiguo Wang",
    title = "A Probabilistic Approach to Fault Diagnosis in Linear Lightware Networks",
    journal = "IEEE Journal of Selected Areas in Communications",
    volume = "11",
    number = "9",
    pages = "1438-1448",
    year = "1993",
}

@inproceedings{data-diamond,
 author = {Graham Cormode and Flip Korn and S. Muthukrishnan and Divesh Srivastava},
 title = {Diamond in the Rough: Finding Hierarchical Heavy Hitters in Multi-Dimensional Data},
 booktitle = "Proc. ACM SIGMOD",
 year = {2004},
 }
@inproceedings{Cormode03,
 author = {Graham Cormode and Flip Korn and S. Muthukrishnan and Divesh Srivastava},
 title = {{Finding hierarchical heavy hitters in data streams}},
 booktitle = "Proc. VLDB",
 year = {2003},
 }
@inproceedings{zhang04_imc,
 author = {Yin Zhang and Sumeet Singh and Subhabrata Sen and Nick Duffield and Carsten Lund},
 title = {Online identification of hierarchical heavy hitters: algorithms, evaluation, and applications},
 booktitle = IMC,
 year = {2004},
}

@inproceedings{crick03,
 author = {C. Crick and A. Pfeffer},
 title = {Loopy belief propagation as a basis for communication in sensor networks},
 booktitle = {Proc. of the 19th Conference on Uncertainty in AI },
 year = {2003},
 }
 @inproceedings{Huang06,
 author = {Ling Huang and Minos Garofalakis and Joseph Hellerstein and Anthony Joseph and Nina Taft},
 title = {Toward sophisticated detection with distributed triggers},
 booktitle = {Proc. ACM SIGCOMM MineNet},
 year = {2006},
 }
@inproceedings{kandula2005shrink,
   author =       "Srikanth Kandula and Dina Katabi and Jean-Philippe Vasseur",
   title =        "{Shrink: A Tool for Failure Diagnosis in IP Networks}",
   booktitle =    {ACM SIGCOMM Workshop MineNet-05},
   year =         {2005},
   address =      {Philadelphia, PA}
}
@inproceedings{bush03integrity,
  author = "R. Bush and T. Griffin",
  title = "Integrity for virtual private routed networks",
   booktitle =   INFOCOM,
   year =         {2003},

}

@inproceedings{Fabian:jmlr06:encrypted,
 author = { Charles Wright and Fabian Monrose and Gerald Masson},
 title = {On Inferring Application Protocol Behaviors in Encrypted Network Traffic},
 booktitle = { Journal of Machine Learning Research (JMLR): Special issue on Machine Learning for Computer Security},
 year = {2006},
 }
@article{Moore:sigmetrics05:classification,
 author = {Andrew W. Moore and Denis Zuev},
 title = {Internet traffic classification using bayesian analysis techniques},
 journal = {SIGMETRICS Perform. Eval. Rev.},
 volume = {33},
 number = {1},
 year = {2005},
 issn = {0163-5999},
 pages = {50--60},
 publisher = {ACM},
 address = {New York, NY, USA},
 }


@inproceedings{Ekaette,
 author = { Ekaette, E.U. and Far, B.H.},
 title = {A framework for distributed fault management using intelligent software agents},
 booktitle = {Proc. of the Electrical and Computer Engineering},
 year = {2003},
 }
@misc{priorityqueue,
      author = "Cisco System Inc.",
      title = "{Configuring Priority Queueing}",
      howpublished = {\url{http://www.cisco.com/en/US/docs/ios/12_0/qos/configuration/guide/qcpq.html}},
}
@misc{cpi,
      author = "CPacket Networks",
      title = "{Complete Packet Inspection on a Chip}",
      howpublished = {\url{http://www.cpacket.com/}},
}
@misc{SMARTS,
      title = "{SMARTS}",
      howpublished = {\url{http://www.smarts.com}},
}
@misc{OpenView,
      author = "HP Technologies Inc.",
      title = "{Open View}",
      howpublished = {\url{http://www.openview.hp.com}},
}
@misc{micromuse,
      author = "Micromuse Inc.",
      title = "{Micromuse}",
      howpublished = {\url{http://www.micromuse.com}},
}
@article{Jakobson,
      author = "G. Jakobson and M. D. Weissman",
      title = "{Alarm correlation}",
      howpublished = {IEEE Network},
    volume = "7",
    number = "6",
    pages = "52-59",
    year = "1993",
}
@article{Steinder04,
 author = {Malgorzata Steinder Steinder and Adarshpal S. Sethi},
 title = {Probabilistic fault localization in communication systems using belief networks},
 journal = {IEEE/ACM  Transactions on Networking},
 volume = {12},
 number = {5},
 year = {2004},
 issn = {1063-6692},
 pages = {809--822},
 }

@article{ramitry,
 author = {Dmitry Rusakov and Dan Geiger},
 title = {Asymptotic Model Selection for Naive Bayesian Networks},
 journal = {J. Mach. Learn. Res.},
 volume = {6},
 year = {2005},
 issn = {1533-7928},
 pages = {1--35},
 publisher = {MIT Press},
 address = {Cambridge, MA, USA},
 }
@article{Steinder,
      author = "Malgorzata Steinder and Adarshpal S. Sethi",
      title = "{A Survey of Fault Localization Techniques in Computer Networks}",
      howpublished = {Science of Computer Programming},
    volume = "53",
    number = "2",
    pages = "165-194",
    year = "2004",
}

@misc{RFC2397,
      author = {{L. Masinter}},
      title = {{The ``data'' URL Scheme}},
      howpublished = {RFC 2397},
      year = 1998
}

@misc{RFC1771,
      author = "Y. Rekhter and T. Li",
      title = "A Border Gateway Protocol",
      howpublished = "RFC 1771",
      year = 1995
}

@misc{RFC2283,
      author = "T. Bates and R. Chandra and D. Katz and Y. Rekhter",
      title = "Multiprotocol Extensions for BGP-4",
      howpublished = "RFC 2283",
      year = 1998
}
@misc{RFC2205,
      author = "R. Braden and L. Zhang and S. Berson and S. Herzog and S. Jamin",
      title = "Resource ReSerVation Protocol",
      howpublished = "RFC 2205",
      year = 1997
}

@misc{RFC3036,
      author = "Andersson, L. and Doolan, P. and Feldman, N. and Fredette, A. and B. Thomas",
      title = "Label Distribution Protocol",
      howpublished = "RFC 3036",
      year = 2001
}
@misc{RFC3031,
      author = "E. Rosen and A. Viswanathan and R. Callon",
      title = " Multiprotocol Label Switching Architecture",
      howpublished = "RFC 3031",
      year = 2001
}

@misc{RFC4110,
      author = "R. Callon and M. Suzuki",
      title = "A Framework for Layer 3 Provider-Provisioned Virtual Private Networks",
      howpublished = "RFC 4110",
      year = 2005
}

@misc{RFC2328,
      author = "J. Moy",
      title = "{ OSPF} Version 2",
      howpublished = "RFC 2328",
      month = APR,
      year = 1998

}
@BOOK{Trees,
  AUTHOR =       "Harry L. Van Trees",
  TITLE =        "Detection, Estimation, and Modulation Theory",
  PUBLISHER =    "New York: Wiley",
  YEAR =         "1971",
  volume =       "1",
}

@Misc{Netflow,
  title =        {{Netflow}},
  key   =        {Netflow},
  author = {{Cisco Systems}},
  howpublished = {\url{http://www.cisco.com/warp/public/732/Tech/nmp/netflow/index.shtml}},

}

@Misc{SNMPs,
  title =        {Simple Network Management Protocol},
  key   =        {SNMPs},
  author = {{Cisco Systems}},
  OPThowpublished = {\url{http://www.cisco.com/univercd/cc/td/doc/cisintwk/ito_doc/snmp.htm}},

}

@misc{ipqos,
      author = "Vikrant S. Kaulgud",
      title = {{IP Quality of Service: Theory and best practices}},
      howpublished = {\url{www.sanog.org/resources/sanog4-kaulgud-qos-tutorial.pdf}},
      year = 2004
}
@Misc{syslog,
  title =        {Resource Manager Essentials and Syslog Analysis},
  key   =        {syslog},
  author = {{Cisco Systems}},
  OPThowpublished = {\url{http://www.cisco.com/warp/public/477/RME/rme_syslog.html}},

}

@Misc{dpi:networkworld,
  title =        {Deep packet inspection},
  key   =        {DPI},
  howpublished = {\url{www.networkworld.com/details/6299.html}},

}

@misc{RFC4364,
      author = "E. Rosen and Y. Rekhter",
      title = "{BGP/MPLS IP Virtual Private Networks}",
      howpublished = "RFC 4363",
      month = FEB,
      year = 2006
}
@inproceedings{Lu:infocom07:popi,
  title =        {End-to-end Inference of Router Packet Forwarding Priority},
  year =         {2007},
  author =       {Guohan Lu and Yan Chen and Stefan Birrer and Fabian E. Bustamante and Chi Yin Cheung and Xing Li},
  booktitle = INFOCOM,
}


@inproceedings{Raghunath2005,
  title =        {Trade-offs in Resource Management for Virtual Private Networks},
  year =         {2005},
  author =       {Satish Raghunath and K. K. Ramakrishnan and Shivkumar Kalyanaraman},
  booktitle = INFOCOM,
}

@inproceedings{wu2005,
  title =        {{Finding a needle in a haystack: Pinpointing significant BGP routing changes in an IP network}},
  year =         {2005},
  author =       {Jian Wu and Zhuoqing Morley Mao and Jennifer Rexford and Jia Wang},
  booktitle = NSDI,
}

@inproceedings{kompella05ip,
  title =        {{IP fault localization via risk modeling}},
  year =         {2005},
  author =       {R. Kompella and J. Yates and A. Greenberg and A. C. Snoeren},
  booktitle = NSDI,
}

@inproceedings{porter-delta,
  title =        {Delta Routing: Improving the Price-Performance of Hybrid Private Networks},
  year =         {2004},
  author =       {George Porter and Minwen Ji},
  booktitle = {Proc. IEEE/IFIP Network Operations and Management Symposium},
}

@InProceedings{FeamsterNSDI05,
  author =   {N. Feamster and H. Balakrishnan},
  title =    {{Detecting BGP Configuration Faults with Static Analysis}},
  OPTcrossref =  {},
  OPTkey =   {},
  booktitle = NSDI,
  OPTpages =     {},
  year =     {2005},
  OPTeditor =    {},
  OPTvolume =    {},
  OPTnumber =    {},
  OPTseries =    {},
  OPTaddress =   {},
  month =    {May},
  OPTorganization = {},
  OPTpublisher = {},
  OPTnote =      {},
  OPTannote =    {}
}

@article{Chi06,
 author = {Yun Chi and Haixun Wang and Philip S. Yu and Richard R. Muntz},
 title = {Catch the moment: maintaining closed frequent itemsets over a data stream sliding window},
 journal = {Knowl. Inf. Syst.},
 volume = {10},
 number = {3},
 year = {2006},
 issn = {0219-1377},
 pages = {265--294},
 publisher = {Springer-Verlag New York, Inc.},
 address = {New York, NY, USA},
 }
@inproceedings{Rexford02:popular,
        Author = {Jennifer Rexford and Jia Wang and Zhen Xiao and Yin Zhang},
        Booktitle = {Proc. ACM SIGCOMM IMW},
        Title = {{BGP} Routing Stability of Popular Destinations},
        Year = {2002},
}

@Article{Rekhter06:RFC4271,
  author = {Y. Rekhter and T. Li and S. Hares},
  title = "A {B}order {G}ateway {P}rotocol ({BGP-4})",
  journal = {RFC 4271},
  year = {2006},
  month = jan
}

@Article{Bates96:RFC1966,
  author = {T. Bates and R. Chandra},
  title = {{BGP Route Reflection  An alternative to full mesh IBGP}},
  journal = {RFC 1966},
  year = {1996}
}



@inproceedings{le06,
 author = {Franck Le and Sihyung Lee and Tina Wong and Hyong S. Kim and Darrell Newcomb},
 title = {{Minerals: using data mining to detect router misconfigurations}},
 booktitle = {Proceedings of the 2006 SIGCOMM workshop on Mining network data},
 year = {2006},
 }

@inproceedings{pucha:sigmetrics07:routingDelay,
 author = {Himabindu Pucha and Ying Zhang and Z. Morley Mao and Y. Charlie Hu},
 title = {{Understanding network delay changes caused by routing events}},
booktitle = SIGMETRICS,
 year = {2007},
 }
@InProceedings{Wang06,
  author = "Feng Wang and Zhuoqing Morley Mao and Jia Wang and Lixin Gao and Randy Bush",
  title = {{A Measurement Study on the Impact of Routing Events on End-to-End Internet Path Performance}},
  booktitle = SIGCOMM,
  year = 2006,
}
@InProceedings{zhang:infocom2007:routingReach,
  author = "Ying Zhang and Zhuoqing Morley Mao and Jia Wang",
  title = {{A Framework for Measuring and Predicting the Impact of Routing Changes}},
  booktitle = INFOCOM,
  year = 2007,
}
@inproceedings{Planetlab,
        title     = {{A Blueprint for Introducing Disruptive Technology Into the Internet}},
        author    = {Larry Peterson and Tom Anderson and David Culler and Timothy Roscoe},
        booktitle = {Proc. of ACM HotNets},
        year      = 2002

}
@inproceedings{zhang:imc2007:routeMonitor,
  title =        {{On the Impact of Route Monitor Selection}},
  year =         {2007},
  author =       {Ying Zhang and Zheng Zhang and Z. Morley Mao and Y. Charlie Hu},
  booktitle = IMC,
}
@inproceedings{madhyastha:osdi2006:iplane,
  title =        {{iPlane: An Information Plane for Distributed Services}},
  year =         {2006},
  author =       {Harsha V. Madhyastha and Tomas Isdal and Michael Piatek and Colin Dixon and Thomas Anderson and Arvind Krishnamurthy and Arun Venkataramani},
  booktitle = OSDI,
}
@Misc{ORVdata,
  OPTkey =       {},
  OPTauthor =    {},
  title =        {{University of Oregon Route Views Archive Project}},
  howpublished = {\url{www.routeviews.org}},
  OPTmonth =     {},
  OPTyear =      {},
  OPTnote =      {},
  OPTannote =    {}
}


@Misc{Alexa,
  OPTkey =       {},
  OPTauthor =    {},
  title =        {{Alexa Top 500 Global Sites}},
  howpublished = {\url{http://www.alexa.com/topsites}},
  OPTmonth =     {},
  OPTyear =      {},
  OPTnote =      {},
  OPTannote =    {}
}

@article{spring:ton2004:rocketfuel,
 author = {Neil Spring and Ratul Mahajan and David Wetherall and Thomas Anderson},
 title = {Measuring ISP topologies with rocketfuel},
 journal = {IEEE/ACM Trans. Netw.},
 volume = {12},
 number = {1},
 year = {2004},
 issn = {1063-6692},
 pages = {2--16},
 }

@inproceedings{IDMaps-INFOCOM99,
        title     = {{An Architecture for a Global Internet Host Distance Estimation Service}},
        author    = {Paul Francis and Sugih Jamin and Vern Paxson and Lixia Zhang and Daniel Gryniewicz and Yixin Jin},
        booktitle = {Proceedings of IEEE INFOCOM},
        year      = 1999,
        month     = {March}
}

@inproceedings{GNP,
        title     = {{Predicting Internet Network Distance with Coordinates-Based Approaches}},
        author    = {T. S. Eugene Ng and Hui Zhang},
        booktitle = {Proceedings of IEEE INFOCOM},
        year      = 2002,
        month     = {June}
}
@inproceedings{Govindan00,
        author    = {Ramesh Govindan and Hongsuda Tangmunarunkit},
        title     = {{Heuristics for Internet Map Discovery}},
        booktitle = {Proc. of IEEE INFOCOM},
        pages     = {1371-1380},
        year      = 2000,
        address   = {Tel Aviv, Israel},
        month     = {March},
}

@inproceedings{Vivaldi,
        title     = {{Vivaldi: A Decentralized Network Coordinate System}},
        author    = {Frank Dabek and Russ Cox and Frans Kaashoek and Robert Morris},
        booktitle = {Proceedings of ACM SIGCOMM},
        month     = {August},
        year      = 2004
}

@inproceedings{PIC,
        title     = {{PIC: Practical Internet Coordinates for Distance Estimation}},
        author    = {Manuel Costa and Miguel Castro and Antony Rowstron and Peter Key},
        booktitle = {Proceedings of IEEE ICDCS},
        month     = {March},
        year      = 2004
}
@inproceedings{zhangosdi04,
  title =        {{PlanetSeer: Internet Path Failure Monitoring and Characterization in Wide-Area Services.}},
  year =         {2004},
  author =       {Ming Zhang and Chi Zhang and Vivek Pai and Larry Peterson and Randy Wang},
  booktitle = OSDI,
}

@InProceedings{feldmann04,
  author =       {Anja Feldmann and Olaf Maennel and Z. Morley Mao and Arthur Berger and Bruce Maggs},
  title =        {{Locating Internet Routing Instabilities}},
  OPTcrossref =  {},
  OPTkey =       {},
  booktitle = {Proceedings of ACM SIGCOMM},
  OPTpages =     {},
  year =         {2004},
  OPTeditor =    {},
  OPTvolume =    {},
  OPTnumber =    {},
  OPTseries =    {},
  OPTaddress =   {},
  OPTmonth =     {},
  OPTorganization = {},
  OPTpublisher = {},
  OPTnote =      {},
  OPTannote =    {}
}

@inproceedings{feamster2004borderguard,
   author =       "Nick Feamster and Zhuoqing Morley Mao and Jennifer Rexford",
   title =        "{BorderGuard: Detecting Cold Potatoes from Peers}",
   booktitle =    {Internet Measurement Conference},
   year =         {2004},
   month =        {October},
   address =      {Taormina, Italy}
}

@article{Teixeira:sigmetrics04:hotpotato,
 author = {Renata Teixeira and Aman Shaikh and Tim Griffin and Jennifer Rexford},
 title = {Dynamics of hot-potato routing in IP networks},
 journal = {SIGMETRICS Perform. Eval. Rev.},
 volume = {32},
 number = {1},
 year = {2004},
 issn = {0163-5999},
 pages = {307--319},
 }



@inproceedings{teixeira:netT04:omni,
 author = {Renata Teixeira and Jennifer Rexford},
 title = {A measurement framework for pin-pointing routing changes},
 booktitle = {NetT '04: Proceedings of the ACM SIGCOMM workshop on Network troubleshooting},
 year = {2004},
 isbn = {1-58113-942-9},
 pages = {313--318},
 location = {Portland, Oregon, USA},
 }
@Misc{NanogMail,
  OPTkey =       {},
  OPTauthor =    {},
  title =        {{NANOG Mailing List Information}},
  howpublished = {\url{http://www.nanog.org/mailinglist.html}},
  OPTmonth =     {},
  OPTyear =      {},
  OPTnote =      {},
  OPTannote =    {}
}
@InProceedings{ParisTR,
  author =       {Brice Augustin and Xavier Cuvellier and Benjamin Orgogozo
and Fabien Viger and Timur Friedman and Matthieu Latapy and Clemence
Magnien and Renata Teixeira},
  title =        {{Avoiding Traceroute Anomalies with Paris Traceroute}},
  booktitle = {Proc. of IMC},
  year =         {2006},
}

@TechReport{Avramopoulos:TR2007:counterDiscriminate,
  author = 	 {Ioannis Avramopoulos and Jennifer Rexford and Dimitris Syrivelis and Spyros Lalis},
  title = 	 {{Counteracting discrimination against network traffic}},
  institution =  {Princeton University Computer Science},
  year = 	 {2007},
  number = 	 {TR-794-07},
}

@InProceedings{Yang:HotNets2006:NetNeutrality,
  author = 	 {Xiaowei Yang and Gene Tsudik and Xin Liu},
  title = 	 {{A Technical Approach to Net Neutrality}},
  booktitle = {Proceedings of ACM HotNets-V, Irvine},
  year = 	 {2006},
}

@InProceedings{Mahajan:NSDI2008:NetDiff,
  author = 	 {Ratul Mahajan and Ming Zhang and Lindsey Poole and Vivek Pai},
  title = 	 {{Uncovering Performance Differences in Backbone ISPs with Netdiff}},
  booktitle = {Proceeding of NSDI},
  year = 	 {2008},
}

@InProceedings{Dischinger:IMC2007:BroadbandChar,
  author = 	 {Marcel Dischinger and Andreas Haeberlen and Krishna P. Gummadi and Stefan Saroiu},
  title = 	 {{Characterizing Residential Broadband Networks}},
  booktitle = IMC,
  year = 	 {2007},
}

@InProceedings{Beverly:PAM2007:PortBlock,
  author = 	 {Robert Beverly and Steven Bauer and Arthur Berger.},
  title = 	 {{The Internet's Not a Big Truck: Toward Quantifying Network Neutrality}},
  booktitle = {Proceedings of the 8th Passive and Active Measurement (PAM 2007) Conference},
  year = 	 {2007},
}

@InProceedings{Avramopoulos:Usenix2006:StealthProbing,
  author = 	 {Ioannis Avramopoulos and Jennifer Rexford},
  title = 	 {{Stealth probing: Efficient data-plane security for IP routing}},
  booktitle = {Proceedings of USENIX Annual Technical Conference},
  year = 	 {2006},
}

@InProceedings{Zhang:NSDI2008:RouteDiag,
  author = 	 {Ying Zhang and Z. Morley Mao and Ming Zhang},
  title = 	 {{Effective Diagnosis of Routing Disruptions from End Systems}},
  booktitle = {Proceedings of NSDI},
  year = 	 {2008},
}

@Article{Crowcroft:CCR2007:NetNeutrality,
  author = 	 {Jon Crowcroft},
  title = 	 {{Net neutrality: the technical side of the debate: a white paper}},
  journal = 	 CCR,
  year = 	 {2007},
}

@Misc{neutralitydefi,
  OPTkey =       {},
  OPTauthor =    {},
  title =        {Claims of data discrimination practices},
  howpublished = {\url{http://en.wikipedia.org/wiki/Network_neutrality}},
  OPTmonth =     {},
  OPTyear =      {},
  OPTnote =      {},
  OPTannote =    {}
}

@InProceedings{Spring:HotNets2002:reverseEngNet,
  author = 	 {Neil Spring and David Wetherall and Tom Anderson},
  title = 	 {{Reverse-Engineering the Internet}},
  booktitle = {Proc. First ACM SIGCOMM HotNets Workshop},
  year = 	 {2002},
}

@InProceedings{Mahajan:IMW2002:LinkWeightInfer,
  author = 	 {Ratul Mahajan and Neil Spring and David Wetherall and Tom Anderson},
  title = 	 {{Inferring Link Weights Using End-to-End Measurements}},
  booktitle = {Proc. ACM SIGCOMM IMW},
  year = 	 {2002},
}


@InProceedings{Sommers:IMC2007:ActiveMeasShareEnv,
  author = 	 {Joel Sommers and Paul Barford},
  title = 	 {{An Active Measurement System for Shared Environments}},
  booktitle = IMC,
  year = 	 {2007},
 }

@Misc{keynote,
  author = 	 {Keynote},
  title = 	 {{Internet Health Report}},
  howpublished = {\url{http://internetpulse.keynote.com/}},
}
@Misc{Yang:wig:action,
  author = 	 {Xiaowei Yang},
  title = 	 {{Auction, but Don't Block}},
  howpublished = { Work in Progress},
}
@InProceedings{Augustin:IMC2007:loadbalancedPaths,
  author = 	 {Brice Augustin and Marie Curie and Timur Friedman and Renata Teixeira},
  title = 	 {{Measuring Load-balanced Paths in the Internet}},
  booktitle = IMC,
  year = 	 {2007},
}
@Article{covering,
  author = 	 {Stavros G. Kolliopoulos and Neal E. Young},
  title = 	 {Approximation algorithms for covering/packing integer programs},
  journal = 	 {Journal of Computer and System Sciences},
  year = 	 2005,
  volume = 	 71,
  number = 	 4,
}

@InProceedings{Mahajan:Sosp2003:Tulip,
  author = 	 {Ratul Mahajan and Neil Spring and David Wetherall and Thomas Anderson},
  title = 	 {{User-level Internet Path Diagnosis}},
  booktitle = {Proceedings of SOSP},
  year = 	 {2003},
}

@InProceedings{Roughan:ITC2003:backboneTrafficModel,
  author = 	 {Matthew Roughan and Albert Greenberg and Charles Kalmanek and Michael Rumsewicz and Jennifer Yates and Yin Zhang},
  title = 	 {{Experience in Measuring Internet Backbone Traffic Variability: Models, Metrics, Measurements and Meaning}},
  booktitle = {Proceedings of the 18th International Teletraffic Congress (ITC '2003)},
  year = 	 {2003},
}

@InProceedings{Afek:IMW2002:BGPAtom,
  author = 	 {Yehuda Afek and Omer Ben-Shalom and Anat Bremler-Barr},
  title = 	 {{On the structure and application of BGP policy Atoms}},
  booktitle = IMW,
  year = 	 {2002},
}


@inproceedings{Zhang:imw01:constancy,
 author = {Yin Zhang and Nick Duffield},
 title = {On the constancy of internet path properties},
 booktitle = {IMW '01: Proceedings of the 1st ACM SIGCOMM Workshop on Internet Measurement},
 year = {2001},
 isbn = {1-58113-435-5},
 pages = {197--211},
 location = {San Francisco, California, USA},
 }

@article{baccelli:sigcomm06:pasta,
 author = {Franc\c{c}ois Baccelli and Sridhar Machiraju and Darryl Veitch and Jean Bolot},
 title = {The role of PASTA in network measurement},
 journal = {SIGCOMM Comput. Commun. Rev.},
 volume = {36},
 number = {4},
 year = {2006},
 issn = {0146-4833},
 }
@article{Sommers:sigcomm2005:probe,
 author = {Joel Sommers and Paul Barford and Nick Duffield and Amos Ron},
 title = {Improving accuracy in end-to-end packet loss measurement},
 journal = {SIGCOMM Comput. Commun. Rev.},
 volume = {35},
 number = {4},
 year = {2005},
 issn = {0146-4833},
 pages = {157--168},
 }

@inproceedings{Mukarram:imc2005:pastaIMC,
 author = {Muhammad Mukarram Bin Tariq and Amogh Dhamdhere and Constantinos Dovrolis and Mostafa Ammar},
 title = {Poisson versus periodic path probing (or, does PASTA matter?)},
 booktitle = {IMC'05: Proceedings of the Internet Measurement Conference 2005 on Internet Measurement Conference},
 year = {2005},
 pages = {10--10},
 location = {Berkeley, CA},
 publisher = {USENIX Association},
 address = {Berkeley, CA, USA},
 }


@inproceedings{Baccelli:imc2007:optimalprobe,
 author = {Francois Baccelli and Sridhar Machiraju and Darryl Veitch and Jean Bolot},
 title = {On Optimal Probing for Delay and Loss Measurement},
 booktitle = IMC,
 year = {2007},
 }


@InProceedings{Gao01,
AUTHOR        = {Lixin Gao},
TITLE         = {{On Inferring Autonomous System Relationships in the Internet}},
YEAR          = {2000},
BOOKTITLE     = GINET,
}

@BOOK{wilcoxontest,
   author = "Siegel, S.",
   title= "Non-parametric statistics for the behavioral sciences",
   publisher = "McGraw-Hill",
   year = 1956
   }
@BOOK{jackknife,
   author = "J. Tukey",
   title= "Bias and confidence in not quite large samples",
   publisher = "Ann. Math. Statist",
   year = 1958
   }

@BOOK{kstest,
   author = "Stuart, Alan and Keith Ord and Steven Arnold ",
   title= "Kendall's Advanced Theory of Statistics",
   publisher = "London: Arnold",
   year = 1999
   }



@BOOK{randomizationtest,
   author = "E. S. Edgington",
   title= "Randomization tests",
   publisher = "Marcel-Dekker",
   year = 1995
   }


@article{Sommers:sigcomm07:sla,
 author = {Nick G. Duffield},
 title = { Network Tomography of Binary Network Performance Characteristics},
 journal = {IEEE Transactions on Information Theory},
 volume = {52},
 year = {2006},
 pages = {5373-5388},
 }

@Misc{attsla,
  OPTkey =       {},
  author =       {},
  title =        {{AT\&T Managed Internet Service (MIS)}},
  howpublished = {\url{http://new.serviceguide.att.com/mis.htm}},
  month =        {},
  year =         {},
  OPTnote =      {},
  OPTannote =    {}
}

@Misc{arbornetworks,
  OPTkey =       {},
  author =       {},
  title =        {{Arbor Ellacoya e100 }},
  howpublished = {\url{http://www.arbornetworks.com}},
  month =        {},
  year =         {},
  OPTnote =      {},
  OPTannote =    {}
}

@Misc{nttsla,
  OPTkey =       {},
  author =       {},
  title =        {{NTT Communications Global IP Network Service Level Agreements (SLA)}},
  howpublished = {\url{http://www.us.ntt.net/support/sla/network}},
  month =        {},
  year =         {},
  OPTnote =      {},
  OPTannote =    {}
}
@Misc{sprintSLA,
  OPTkey =       {},
  author =       {},
  title =        {{Sprint NEXTEL Service Level Agreements}},
  howpublished = {\url{http://www.sprint.com/business/support/serviceLevelAgreements.html}},
  month =        {},
  year =         {},
  OPTnote =      {},
  OPTannote =    {}
}
@Misc{sprintVPNSLA,
  OPTkey =       {},
  author =       {},
  title =        {{MPLS VPN Service Level Agreements}},
  howpublished = {\url{www.sprint.com/business/resources/mpls_vpn.pdf}},
  month =        {},
  year =         {},
  OPTnote =      {},
  OPTannote =    {}
}

@inproceedings{zseby:samplingSLA:pam01,
 author = {Tanja Zseby},
 title = {Deployment of Sampling Methods for SLA Validation with Non-Intrusive Measurements},
 booktitle = {Proc. of Passive and Active Measurement workshop},
year = {2001},
}

@InProceedings{Zhang:NVlens:Hotnets08,
  author = 	 {Ying Zhang and Morley Mao and Ming Zhang},
  title = 	 {{Ascertaining the Reality of Network Neutrality Violation in Backbone ISPs}},
  booktitle = {Proceedings of ACM HotNets-V, Calgary, Alberta, Canada},
  year = 	 {2008},
}


@InProceedings{Tariq:NANO:Hotnets08,
  author = 	 {Mukarram Bin Tariq and Mutaraza Motiwala and Nick Feamster},
  title = 	 {{NANO: Network Access Neutrality Observatory }},
  booktitle = {Proceedings of ACM HotNets-V, Calgary, Alberta, Canada},
  year = 	 {2008},
}

@InProceedings{Dischinger:BTBlock:IMC08,
  author = 	 {Marcel Dischinger and Alan Mislove and Andreas
                  Haeberlen and Krishna P. Gummadi},
  title = 	 {{Detecting BitTorrent Blocking}},
  booktitle = IMC,
  year = 	 {2008},
}

@InProceedings{Padhye:TCPModel:sigcomm1998,
  author = 	 {Jitendra Padhye and Victor Firoiu and Don Towsley and Jim
                  Kurose},
  title = 	 {{Modeling TCP Throughput: A Simple
                  Model and its Empirical Validation}},
  booktitle = SIGCOMM,
  year = 	 {1998},
}

@inproceedings{Dishinger:CRBN:IMC2007,
  author = {Marcel Dischinger and Andreas Haeberlen and Krishna
                  P. Gummadi and Stefan Saroiu},
  title = {{C}haracterizing {R}esidential {B}roadband {N}etworks},
  booktitle = {IMC},
  year = {2007},
}



%%%%%%%%%%%%%%%%%%%   3G/data cellular studies %%%%%%%%%%%%%%%%%%%%%%%%%%%%%%%
@inproceedings{Liu:3GChannelAppl:Mobicom2008,
  author = {Xin Liu and Ashwin Sridharan and Sridhar Machiraju and Mukund Seshadri and Hui Zang},
  title	= {{Experiences in a 3G Network: Interplay between the
  Wireless Channel and Applications}},
  booktitle = {Proceedings of ACM MOBICOM},
  month	 = {},
  year = {2008},
}

@Article{Chesterfield:3GMultimedia:Monet2004,
  author = {J. Chesterfield and R. Chakravorty and J. Crowcroft and P. Rodriguez and S. Banerjee},
  title = {{Experiences with Multimedia Streaming over 2.5G and 3G Networks}},
  journal = {Journal ACM/MONET},
  year = 	 {2004},
}

@InProceedings{Chakravorty:WWAN:Mobicom2004,
  author = 	 {R. Chakravorty and S. Banerjee and P. Rodriguez and J. Chesterfield and  I. Pratt},
  title = 	 {{Performance Optimizations for Wireless Wide-Area Networks: Comparative Study and Experimental Evaluation}},
  booktitle = {Proceedings of ACM MOBICOM},
  year = 	 {2004},
}

@InProceedings{Rodrigues:Session:WWW2004,
  author = 	 {P. Rodriguez and S. Rangarajan and S. Mukherjee},
  title = 	 {{Session Level Techniques for Improving Web Browsing Performance over Wireless Links}},
  booktitle = {Proceedings of World Wide Web},
  year = 	 {2004},
}

@InProceedings{Chakravort:MultiLayer:PAM2004,
  author = 	 {Rajiv Chakravorty and Julian Chesterfield and P. Rodriguez and Suman Banerjee},
  title = 	 {{Measurement Approaches for Multi-layer Performance Optimizations over Wide-Area Wireless Networks}},
  booktitle = {Proceedings of PAM},
  year = 	 {2004},
}

@InProceedings{Ionut:Serendipity:IMC09,
  author = 	 {Ionut Trestian and Supranamaya Ranjan and Aleksander Kuzmanovic and Antonio Nucci},
  title = 	 {{Measuring Serendipity: Connecting People, Locations and Interests in a Mobile 3G Network}},
  booktitle = IMC,
  year = 	 {2009},
}
@InProceedings{Mahesh:Ephemera:IMC09,
  author = 	 {Mahesh Balakrishnan and Iqbal Mohomed and   Venugopalan Ramasubramanian},
  title = 	 {{Where's That Phone?: Geolocating IP Addresses on 3G Networks}},
  booktitle = IMC,
  year = 	 {2009},
}
@InProceedings{Zhuang:A3:Mobicom2006,
  author = 	 {Zhenyun Zhuang and Tae-Young Chang and Raghupathy Sivakumar and Aravind Velayutham},
  title = 	 {{A3: Application-Aware Acceleration for Wireless Data Networks}},
  booktitle = {Proc. of ACM MOBICOM},
  year = 	 {2006},
}


@InProceedings{Jang:3G:MICNET2009,
  author = 	 {Keon Jang and	Mongnam Han and	Soohyun Cho and	Hyung-Keun Ryu and Jaehwa Lee and Yeongseok Lee and Sue B.
Moon},
  title = 	 {{3G and 3.5G Wireless Network Performance Measured from
  Moving Cars and High-speed Trains}},
  booktitle = {Proc. of ACM MICNET},
  year = 	 {2009},
}

@InProceedings{Dimitrios:On:MICNET2009,
  author = 	 {Dimitrios Koutsonikolas and  Ying Charlie Hu},
  title = 	 {{On the Feasibility of Bandwidth Estimation in 1x EVDO Networks}},
  booktitle = {Proc. of ACM MICNET},
  year = 	 {2009},
}

@InProceedings{Mun:TCP/IP:Mobicom2002,
  author = 	 {Mun Choon Chan and Ramachandran Ramjee},
  title = 	 {{TCP/IP Performance over 3G Wireless Links with Rate and Delay Variation}},
  booktitle = {Proc. of MOBICOM},
  year = 	 {2002},
}

@Misc{minification,
  OPTkey = 	 {},
  OPTauthor = 	 {},
  title = 	 {{Best Practices for Speeding Up Your Web Site}},
  howpublished = {\url{http://developer.yahoo.com/performance/rules.html#minify}},
  month = 	 {},
  year = 	 {},
  OPTnote = 	 {},
  OPTannote = 	 {}
}

@Misc{smartphoneStat,
  OPTkey = 	 {},
  OPTauthor = 	 {},
  title = 	 {{Canalys Press Release: R2009112}},
  howpublished = {\url{http://www.canalys.com/pr/2009/r2009112.htm}},
  month = 	 {},
  year = 	 {},
  OPTnote = 	 {},
  OPTannote = 	 {}
}

@Misc{netalyzr,
  OPTkey = 	 {},
  OPTauthor = 	 {},
  title = 	 {{ICSI Netalyzr}},
  howpublished = {\url{http://netalyzr.icsi.berkeley.edu/}},
  OPTmonth = 	 {},
  OPTyear = 	 {},
  OPTnote = 	 {},
  OPTannote = 	 {}
}

@Misc{speedtestnet,
  OPTkey = 	 {},
  OPTauthor = 	 {},
  title = 	 {{Speedtest.net}},
  howpublished = {\url{http://www.speedtest.net/}},
  OPTmonth = 	 {},
  OPTyear = 	 {},
  OPTnote = 	 {},
  OPTannote = 	 {}
}

@Misc{3gtest,
  OPTkey = 	 {},
  OPTauthor = 	 {},
  title = 	 {{Smartphone 3G Test (3GTest)}},
  howpublished = {\url{http://www.eecs.umich.edu/3gtest}},
  OPTmonth = 	 {},
  OPTyear = 	 {},
  OPTnote = 	 {},
  OPTannote = 	 {}
}

@Misc{sunspider,
  OPTkey = 	 {},
  OPTauthor = 	 {},
  title = 	 {{SunSpider JavaScript Benchmark}},
  howpublished = {\url{http://www2.webkit.org/perf/sunspider-0.9/sunspider.html}},
  OPTmonth = 	 {},
  OPTyear = 	 {},
  OPTnote = 	 {},
  OPTannote = 	 {}
}




@Misc{googlespeed,
  OPTkey = 	 {},
  OPTauthor = 	 {},
  title = 	 {{Let's make the web faster}},
  howpublished = {\url{http://code.google.com/speed}},
  OPTmonth = 	 {},
  OPTyear = 	 {},
  OPTnote = 	 {},
  OPTannote = 	 {}
}

@Misc{speedTest,
  OPTkey = 	 {},
  OPTauthor = 	 {},
  title = 	 {{Broadband DSLReports.com}},
  howpublished = {\url{http://www.dslreports.com/archive}},
  OPTmonth = 	 {},
  OPTyear = 	 {},
  OPTnote = 	 {},
  OPTannote = 	 {}
}

%require data from cellular network operator
@inproceedings{Willkomm:PrimUser:Dyspan2008,
  author	= {Daniel Willkomm and Sridhar Machiraju and Jean
  Bolot and Adam Wolisz},
  title	    = {{Primary Users in Cellular Networks: A Large-scale
  Measurement Study}},
  booktitle   = {DySpAN},
  year		  = {2008},
}

@inproceedings{Ghaderi:TCPCDMA:IFIP2007,
  author	= {Majid Ghaderi and Ashwin Sridharan and Hui Zang and  Don Towsley and Rene Cruz},
  title	    = {{Modeling TCP in a Multi-Rate Multi-User CDMA System}},
  booktitle	= {IFIP-Networking 2007},
  journal	= {IFIP-Networking 2007},
  pdf		  = {uploads/1569018175.pdf},
  year		      = {2007},
}

@inproceedings{Mattar:TCPCDMA:PAM2007,
  author	= {Karim Mattar and Ashwin Sridharan and Hui Zang and
  Ibrahim Matta and Azer Bestavros},
  title	  	= {{TCP Over CDMA2000 Networks : A Cross-Layer
  Measurement Study}},
  booktitle   = {PAM},
  journal    = {Passive and Active Measurements (PAM)},
  pdf	       = {uploads/1xRTT_active.pdf},
  year		   = {2007},
}

@inproceedings{Ghaderi:TCPCDMA:Mobicom2006,
  author	= {Majid Ghaderi and Ashwin Sridharan and Hui Zang and
  Don Towsley and Rene Cruz},
  title	      	  = {TCP-Aware Resource Allocation in CDMA Networks},
  booktitle	  = {Proceedings of ACM MOBICOM},
  journal	  = {ACM Mobicom},
  address	  = {Los Angeles, CA, USA},
  pdf		    = {uploads/1568986818-ghaderi.pdf},
  month		      = {September},
  year		      	= {2006},
}

@inproceedings{Wei:SplitTCP:PAM2006,
  author	= {Wei Wei and Chun Zhang and Hui Zang and Jim Kurose
  and Don Towsley},
  title		= {{Inference and Evaluation of Split-Connection
  Approaches in Cellular Data Networks}},
  booktitle  = {PAM},
  pdf	       = {uploads/pam2006-split.pdf},
  year		   = {2006},
}

%security:
@InProceedings{Traynor::UsenixSec2007,
  author = 	 {P. Traynor and P. McDaniel and T. La Porta},
  title = 	 {{On Attack Causality in Internet-Connected Cellular Networks}},
  booktitle = {Proc. of USENIX Security Symposium},
  year = 	 {2007},
}

@inproceedings{Bali:Scheduler3GAttack:Pam2007,
  author	= {Soshant Bali and Sridhar Machiraju and Hui Zang and
  Victor Frost},
  title		= {A Measurement Study of Scheduler-based Attacks in
  3G Wireless Networks},
  booktitle   = {Passive and Active Measurement (PAM) Conference},
  address     = {Louvain-la-neuve, Belgium},
  pdf	      	= {uploads/pam2007.pdf},
  month		  = {April},
  year		    = {2007},
}

@inproceedings{Bali:Scheduler:IFIP2007,
  author	= {Soshant Bali and Sridhar Machiraju and Hui Zang},
  title		  = {Beyond Proportional Fair: Designing Robust
  Wireless Schedulers},
  journal  = {IFIP Networking},
  pdf	     = {uploads/bali07beyond.pdf},
  month	       = {May},
  year	       	 = {2007},
}

@inproceedings{Bali:PAQ:ICC2008,
  author	= {Soshant Bali and Sridhar Machiraju and Hui Zang},
  title		  = {PAQ: A starvation-resistant alternative to
  Proportional Fair},
  booktitle    = {Proceedings of IEEE ICC 2008},
  address      = {Beijing, China},
  pdf	       	 = {uploads/bali08paq.pdf},
  month		   = {May},
  year		     = {2008},
}

@InProceedings{Racic:Scheduler:NDSS2008,
  author = 	 {Radmilo Racic and Denys Ma and Hao Chen and Xin Liu },
  title = 	 {{Exploiting Opportunistic Scheduling in Cellular Data Networks}},
  booktitle = {Proceedings of the 15th Annual Network and Distributed System Security Symposium (NDSS 2008)},
  year = 	 {2008},
}

%Mobile energy, measurement study===========
@InProceedings{Balasubramanian:EnergyMobile:IMC2009,
  author = 	 {Niranjan Balasubramanian and Aruna Balasubramanian and Arun Venkataramani},
  title = 	 {{Energy Consumption in Mobile Phones: A Measurement Study and Implications for Network Applications}},
  booktitle = IMC,
  year = 	 2009,
}

@InProceedings{Sharma:CoolTether:CoNEXT2009,
  author = 	 {Ashish Sharma and Vishnu Navda and Ramachandran Ramjee and Venkat Padmanabhan and Elizabeth Belding},
  title = 	 {{Cool-Tether: Energy Efficient On-the-fly WiFi Hot-spots using Mobile Phones}},
  booktitle = CONEXT,
  year = 	 2009,
}

@InProceedings{Tsao:MultipleInterfaces:CoNEXT2009,
  author = 	 {Cheng-Lin Tsao and Raghupathy Sivakumar},
  title = 	 {{On Effectively Exploiting Multiple Wireless Interfaces in Mobile Hosts}},
  booktitle = CONEXT,
  year = 	 2009,
}

@inproceedings{DBLP:conf/hicss/LiY09,
  author    = {Yung-Ming Li and
               Yung-Shao Yeh},
  title     = {Service Quality's Impact on Mobile Satisfaction and Intention
               to Use 3G Service},
  booktitle = {HICSS},
  year      = {2009},
  pages     = {1-10},
  ee        = {http://dx.doi.org/10.1109/HICSS.2009.387},
  crossref  = {DBLP:conf/hicss/2009},
  bibsource = {DBLP, http://dblp.uni-trier.de}
}

@proceedings{DBLP:conf/hicss/2009,
  title     = {42st Hawaii International International Conference on Systems
               Science (HICSS-42 2009), Proceedings (CD-ROM and online),
               5-8 January 2009, Waikoloa, Big Island, HI, USA},
  booktitle = {HICSS},
  publisher = {IEEE Computer Society},
  year      = {2009},
  bibsource = {DBLP, http://dblp.uni-trier.de}
}


@article{Tan:Measurement:TENCON2005,
 author = {Wee Lum Tan and OnChing Yue},
 title = {{Measurement-based Performance Model of IP Traffic over 3G Networks}},
 journal = {TENCON 2005 2005 IEEE Region 10},
 year = {2005},
 month = NOV,
 pages = {1--5},
 }


@InProceedings{Liu:Experiences:MOBICOM2008,
  author = 	 {Xin Liu and Ashwin Sridharan and Sridhar Machiraju and Mukund Seshadri and Hui Zang},
  title = 	 {{Experiences in a 3G network: interplay between the wireless channel and applications}},
  booktitle = MOBICOM,
  year = 	 2008,
}

%Radio resource management========
@InProceedings{Chuah:Impacts:WCNC2002,
  author = 	 {M. Chuah and Wei Luo and X. Zhang},
  title = 	 {{Impacts of Inactivity Timer Values on UMTS System Capacity}},
  booktitle = {Wireless Communications and Networking Conference},
  year = 	 2002,
}

@InProceedings{Lee:Impact:WTS2004,
  author = 	 {Chi-Chen Lee and Jui-Hung Yeh and Jyh-Cheng Chen},
  title = 	 {{Impact of inactivity timer on energy consumption in WCDMA and cdma2000}},
  booktitle = {Wireless Telecommunications Symposium},
  year = 	 2004,
}

@article{Yeh:Energy:ITVT2009,
 author = {Jui-Hung Yeh and Jyh-Cheng Chen and Chi-Chen Lee},
 title = {{Comparative Analysis of Energy-Saving Techniques in 3GPP and 3GPP2 Systems}},
 journal = {IEEE transactions on vehicular technology},
 volume = {58},
 number = {1},
 year = {2009},
 }


@InProceedings{Haverinen:AlwaysOn:VTC2007,
  author = 	 {Henry Haverinen and Jonne Siren and Pasi Eronen},
  title = 	 {{Energy Consumption of Always-On Applications in WCDMA Networks}},
  booktitle = {IEEE VTC},
  year = 	 2007,
}

@InProceedings{Liers:StaticTimeout:PIMRC2007,
  author = 	 {Florian Liers and Christian Burkhardt and Andreas Mitschele-Thiel},
  title = 	 {{Static RRC Timeouts for Various Traffic Scenarios}},
  booktitle = {PIMRC},
  year = 	 2007,
}

@InProceedings{Liers:DynamicTimeout:PIMRC2005,
  author = 	 {Florian Liers and Andreas Mitschele-Thiel},
  title = 	 {{UMTS data capacity improvements employing dynamic RRC timeouts}},
  booktitle = {PIMRC},
  year = 	 2005,
}

@InProceedings{Talukdar:RRCWeb:VETECF2002,
  author = 	 {Anup Talukdar and Mark Cudak},
  title = 	 {{Radio resource control protocol configuration for optimum Web browsing}},
  booktitle = {IEEE VTC},
  year = 	 2002,
}




%State machine inference=========
@InProceedings{Perala:3G3T:BWAW2009,
  author = 	 {PHJ Perala and A Barbuzzi and G Boggia and K Pentikousis},
  title = 	 {{Theory and Practice of RRC State Transitions in UMTS Networks}},
  booktitle = {Proc. of IEEE Broadband Wireless Access Workshop},
  year = 	 2009,
}

@article{Barbuzzi:DiscoverParameter:CLIEEE2008,
 author = {Antonio Barbuzzi and Fabio Ricciato and Gennaro Boggia},
 title = {{Discovering Parameter Setting in 3G Networks via Active Measurements}},
 journal = {Communications Letters, IEEE},
 volume = {12},
 number = {10},
 year = {2008},
}


%-------------------I'm the elegant seperating line----------------------------------
 %----------------from 3geo---------------------------------------------------------------

 @inproceedings{Ghaderi:TCPCDMA:IFIP2007,
  author	= {Majid Ghaderi and Ashwin Sridharan and Hui Zang and  Don Towsley and Rene Cruz},
  title	    = {{Modeling TCP in a Multi-Rate Multi-User CDMA System}},
  booktitle	= {IFIP-Networking 2007},
  journal	= {IFIP-Networking 2007},
  pdf		  = {uploads/1569018175.pdf},
  year		      = {2007},
}

@inproceedings{Mattar:TCPCDMA:PAM2007,
  author	= {Karim Mattar and Ashwin Sridharan and Hui Zang and
  Ibrahim Matta and Azer Bestavros},
  title	  	= {{TCP Over CDMA2000 Networks : A Cross-Layer
  Measurement Study}},
  booktitle   = {PAM},
  journal    = {Passive and Active Measurements (PAM)},
  pdf	       = {uploads/1xRTT_active.pdf},
  year		   = {2007},
}


@inproceedings{Wei:SplitTCP:PAM2006,
  author	= {Wei Wei and Chun Zhang and Hui Zang and Jim Kurose
  and Don Towsley},
  title		= {{Inference and Evaluation of Split-Connection
  Approaches in Cellular Data Networks}},
  booktitle  = {PAM},
  pdf	       = {uploads/pam2006-split.pdf},
  year		   = {2006},
}

%security:
@InProceedings{Traynor::UsenixSec2007,
  author = 	 {P. Traynor and P. McDaniel and T. La Porta},
  title = 	 {{On Attack Causality in Internet-Connected Cellular Networks}},
  booktitle = {Proc. of USENIX Security Symposium},
  year = 	 {2007},
}

@inproceedings{Bali:Scheduler3GAttack:Pam2007,
  author	= {Soshant Bali and Sridhar Machiraju and Hui Zang and
  Victor Frost},
  title		= {A Measurement Study of Scheduler-based Attacks in
  3G Wireless Networks},
  booktitle   = {Passive and Active Measurement (PAM) Conference},
  address     = {Louvain-la-neuve, Belgium},
  pdf	      	= {uploads/pam2007.pdf},
  month		  = {April},
  year		    = {2007},
}

@inproceedings{Bali:Scheduler:IFIP2007,
  author	= {Soshant Bali and Sridhar Machiraju and Hui Zang},
  title		  = {Beyond Proportional Fair: Designing Robust
  Wireless Schedulers},
  journal  = {IFIP Networking},
  pdf	     = {uploads/bali07beyond.pdf},
  month	       = {May},
  year	       	 = {2007},
}

@inproceedings{Bali:PAQ:ICC2008,
  author	= {Soshant Bali and Sridhar Machiraju and Hui Zang},
  title		  = {PAQ: A starvation-resistant alternative to
  Proportional Fair},
  booktitle    = {Proceedings of IEEE ICC 2008},
  address      = {Beijing, China},
  pdf	       	 = {uploads/bali08paq.pdf},
  month		   = {May},
  year		     = {2008},
}

@InProceedings{Racic:Scheduler:NDSS2008,
  author = 	 {Radmilo Racic and Denys Ma and Hao Chen and Xin Liu },
  title = 	 {{Exploiting Opportunistic Scheduling in Cellular Data Networks}},
  booktitle = {Proceedings of the 15th Annual Network and Distributed System Security Symposium (NDSS 2008)},
  year = 	 {2008},
}


@InProceedings{cdnProximity,
  author =       {Z. Morley Mao and Charles Cranor and Fred Douglis
                  and Michael Rabinovich and Oliver Spatscheck and Jia
                  Wang},
  title =        {{A Precise and Efficient Evaluation of the Proximity
                  between Web Clients and their Local DNS Servers}},
  booktitle = {Proc of USENIX Annual Technical Conference},
  year = 2002
}

@inproceedings{UDMapSigcomm2007,
 author = {Yinglian Xie and Fang Yu and Kannan Achan and Eliot Gillum
                  and Moises Goldszmidt and Ted Wobber},
 title = {How Dynamic are {IP} Addresses?},
 booktitle = {ACM Sigcomm},
 year = {2007},
 }

@inproceedings{RocketfuelSigcomm2002,
 author = {Neil Spring and Ratul Mahajan and David Wetherall},
 title = {{Measuring ISP Topologies with Rocketfuel}},
 booktitle = {ACM Sigcomm},
 year = {2002},
 }
@inproceedings{GeoMappingSigcomm2001,
 author = {V. N. Padmanabhan and L. Subramanian},
 title = {{An investigation of geographic mapping techniques for Internet hosts}},
 booktitle = {ACM Sigcomm},
 year = {2001},
 }

@article{Gueye:GeoLoc:2006,
 author = {Bamba Gueye and Artur Ziviani and Mark Crovella and
                  Serge Fdida},
 title = {{Constraint-based Geolocation of Internet Hosts}},
 journal = {IEEE/ACM Trans. Netw.},
 volume = {14},
 number = {6},
 year = {2006},
 issn = {1063-6692},
 pages = {1219--1232},
 publisher = {IEEE Press},
 }

@InProceedings{Octant:GeoLoc:2007,
  author = 	 {Bernard Wong and Ivan Stoyanov and Emin Gün Sirer.},
  title = 	 {{Octant: A Comprehensive Framework for the Geolocalization of Internet Hosts}},
  booktitle = NSDI,
  year = 	 {2007},
}

@inproceedings{Katz-Bassett:GeoLoc:2006,
 author = { Ethan Katz-Bassett and John P. John and Arvind
                  Krishnamurthy and David Wetherall  and  Thomas
                  Anderson and Yatin Chawathe},
 title = {{Towards IP geolocation using delay and topology
                  measurements}},
 booktitle = {IMC '06: Proceedings of the 6th ACM SIGCOMM conference
                  on Internet measurement},
 year = {2006},
 isbn = {1-59593-561-4},
 pages = {71--84},
 location = {Rio de Janeriro, Brazil},
 doi = {http://doi.acm.org/10.1145/1177080.1177090},
 publisher = {ACM},
 address = {New York, NY, USA},
 }


@InProceedings{Shaikh01:Infocom,
  author =       {Anees Shaikh and Renu Tewari and Mukesh Agrawal},
  title =        {On the Effectiveness of DNS-based Server Selection},
  OPTcrossref =  {},
  OPTkey =       {},
  booktitle =    INFOCOM,
  OPTpages =     {},
  year =         {2001},
  OPTeditor =    {},
  OPTvolume =    {},
  OPTnumber =    {},
  OPTseries =    {},
  address =      {Anchorage, AK},
  month =        APR,
  OPTorganization = {},
  OPTpublisher = {},
  OPTnote =      {},
  OPTannote =    {}
}

@InProceedings{JRex02,
AUTHOR        = {Lakshminarayanan Subramanian and Sharad Agarwal and
                  Jennifer Rexford and Randy H.  Katz}
,
TITLE         = {{Characterizing the Internet hierarchy from multiple
                  vantage points}},
YEAR          = {2002},
BOOKTITLE     = INFOCOM,
}



@Inproceedings{Sridharan:uplinkSchedulingCDMA:2007,
author= {Ashwin Sridharan and Ramesh Subbaraman and Roch Guerin},
title= {{Distributed Uplink Scheduling in CDMA Networks}},
booktitle= {Proceedings of IFIP-Networking 2007},
month= {May},
year= {2007},
}

@Book{tan06,
 author =   {Pang-Ning Tan and Michael Steinbach and Vipin Kumar},
 title =    {{Introduction to Data Mining}},
 publisher =    {Addison-Wesley},
 year =     {2006},
}

@Article{Traynor:SecureCellInfra:2009,
  author = 	 {Patrick Traynor},
  title = 	 {{Securing Cellular Infrastructure: Challenges and Opportunities}},
  journal = 	 {IEEE Security & Privacy Magazine},
  year = 	 {2009},
  volume = 	 {7},
  number = 	 {4},
}

@InProceedings{Oberheide:CloudSecMobile:2008,
  author = 	 {Jon Oberheide and Kaushik Veraraghavan and Evan Cooke and Jason Flinn and Farnam Jahanian},
  title = 	 {{In-Cloud Security Services for Mobile Devices}},
  booktitle = {Proc of the First Workshop on Virtualization and Mobile Computing},
  year = 	 {2008},
}


@Article{Anand:PowerManage:2005,
  author = 	 {Manish Anand and Edmund B. Nightingale and Jason Flinn},
  title = 	 {{Self-Tuning Wireless Network Power Management}},
  journal =      {Wireless Networks},
  year = 	 {2005},
  volume = 	 {11},
  number = 	 {4},
}

@Article{erman11,
  author = 	 {Jeffrey Erman and Alexandre Gerber and Mohammad Hajiaghayi and Dan Pei and Subhabrata Sen and Oliver Spatscheck},
  title = 	 {{To Cache or not to Cache: The 3G case}},
  journal =      {IEEE Internet Computing},
  year = 	 {2011},
}

@InProceedings{Chakravorty:Bazaar:2005,
  author = 	 {Rajiv Chakravorty and Suman Banerjee and Sulabh
                  Agarwal and Ian Pratt},
  title = 	 {{MoB: A Mobile Bazaar for Wide-area Wireless Services}},
  booktitle = MOBICOM,
  year = 	 {2005},
}

@InProceedings{Rodriguez:MAR:2004,
  author = 	 {Pablo Rodriguez and Rajiv Chakravorty and Julian Chesterfield and Ian Pratt and Suman Banerjee},
  title = 	 {{MAR: A Commuter Router Infrastructure for the Mobile Internet}},
  booktitle = MOBISYS,
  year = 	 {2004},
}

@InProceedings{armstrong06,
  author = 	 {Trevor Armstrong and Olivier Trescases and Cristiana Amza and Eyal de Lara},
  title = 	 {{Efficient and Transparent Dynamic Content Updates for Mobile Clients}},
  booktitle = MOBISYS,
  year = 	 {2006},
}

@InProceedings{balasubramanian10,
  author = 	 {Aruna Balasubramanian and Ratul Mahajan and Arun Venkataramani},
  title = 	 {{Augmenting Mobile 3G Using WiFi}},
  booktitle = MOBISYS,
  year = 	 {2010},
}

@InProceedings{qian11_mobisys,
  author = 	 {Feng Qian and Zhaoguang Wang and Alexandre Gerber and Z. Morley Mao and Subhabrata Sen and Oliver Spatscheck},
  title = 	 {{Profiling Resource Usage for Mobile Applications: a Cross-layer Approach}},
  booktitle = MOBISYS,
  year = 	 {2011},
}

@InProceedings{qian11_mobisys_demo,
  author = 	 {Feng Qian and Zhaoguang Wang and Alexandre Gerber and Z. Morley Mao and Subhabrata Sen and Oliver Spatscheck},
  title = 	 {{Mobile Application Resource Optimizer (ARO)}},
  booktitle = MOBISYSDEMO,
  year = 	 {2011},
}

@InProceedings{cao97,
  author = 	 {Pei Cao and Sandy Irani},
  title = 	 {{Cost-aware WWW proxy caching algorithms}},
  booktitle = USITS,
  year = 	 {1997},
}

@InProceedings{liu97,
  author = 	 {Chengjie Liu and Pei Cao},
  title = 	 {{Maintaining Strong Cache Consistency in the World-Wide Web}},
  booktitle = ICDCS,
  year = 	 {1997},
}

@InProceedings{chankhunthod96,
  author = 	 {Anawat Chankhunthod and Peter Danzig and Chuck Neerdaels and Michael Schwartz and Kurt Worrell},
  title = 	 {{A hierarchical internet object cache}},
  booktitle = {USENIX ATC},
  year = 	 {1996},
}

@InProceedings{mogul97,
  author = 	 {Jeffrey Mogul and Fred Douglis and Anja Feldmann and Balachander Krishnamurthy},
  title = 	 {{Potential benefits of delta encoding and data compression for HTTP}},
  booktitle = SIGCOMM,
  year = 	 {1997},
}

@InProceedings{wolman99,
  author = 	 {Alec Wolman and Geoffrey Voelker and Nitin Sharma and Neal Cardwell and Anna Karlin and Henry Levy},
  title = 	 {{On the scale and performance of cooperative Web proxy caching}},
  booktitle = SOSP,
  year = 	 {1999},
}

@InProceedings{krishnamurthy97,
  author = 	 {Balachander Krishnamurthy and Craig Wills},
  title = 	 {{Study of Piggyback Cache Validation for Proxy Caches in the World Wide Web}},
  booktitle = USITS,
  year = 	 {1997},
}

@InProceedings{qian10_icnp,
  author = 	 {Feng Qian and Zhaoguang Wang and Alexandre Gerber and Z. Morley Mao and Subhabrata Sen and Oliver Spatscheck},
  title = 	 {{TOP: Tail Optimization Protocol for Cellular Radio Resource Allocation}},
  booktitle = ICNP,
  year = 	 {2010},
}

@Misc{pandora,
  title =    {{Pandora Radio}},
  howpublished = {\url{http://www.pandora.com}}
}

@Misc{cellular_cost,
  title = {{Invest in Cell Phone Infrastructure for Growth in 2010}},
  howpublished = {\url{http://pennysleuth.com/invest-in-cell-phone-infrastructure-for-growth-in-2010/}}
}

@Misc{3gpp:075251,
    title = {{UE ``Fast Dormancy'' behavior}},
    howpublished = {3GPP discussion and decision notes R2-075251},
    year = {2007}
}

@Misc{2g_sm,
    title = {{GERAN RRC State Mchine}},
    howpublished = {3GPP GAHW-000027},
    year = {2000}
}

@Misc{xmpp,
    title = {{Extensible Messaging and Presence Protocol}},
    howpublished = {\url{http://xmpp.org/xmpp-protocols/}},
}

@InProceedings{qian10_imc,
  author = 	 {Feng Qian and Zhaoguang Wang and Alexandre Gerber and Z. Morley Mao and Subhabrata Sen and Oliver Spatscheck},
  title = 	 {{Characterizing Radio Resource Allocation for 3G Networks}},
  booktitle = IMC,
  year = 	 {2010},
}

@InProceedings{erman11_imc,
  author = 	 {Jeffrey Erman and Alexandre Gerber and K.K. Ramakrishnan and Subhabrata Sen and Oliver Spatscheck},
  title = 	 {{Over The Top Video: the Gorilla in Cellular Networks}},
  booktitle = IMC,
  year = 	 {2011},
}

@InProceedings{xu11_imc,
  author = 	 {Qiang Xu and Jeffrey Erman and Alexandre Gerber and Z. Morley Mao and Jeffrey Pang and Shobha Venkataraman},
  title = 	 {{Identifying Diverse Usage Behaviors of Smartphone Apps}},
  booktitle = IMC,
  year = 	 {2011},
}

@InProceedings{falaki10_imc,
  author = 	 {Hossein Falaki and Dimitrios Lymberopoulos and Ratul Mahajan and Srikanth Kandula and Deborah Estrin},
  title = 	 {{A First Look at Traffic on Smartphones}},
  booktitle = IMC,
  year = 	 {2010},
}

@InProceedings{falaki10_mobisys,
  author = 	 {Hossein Falaki and Ratul Mahajan and Srikanth Kandula and Dimitrios Lymberopoulos and Ramesh Govindan Deborah Estrin},
  title = 	 {{Diversity in Smartphone Usage}},
  booktitle = MOBISYS,
  year = 	 {2010},
}

@Misc{3gpp:085134,
    title = {{Fast Dormancy: a way forward}},
    howpublished = {3GPP discussion and decision notes R2-085134},
    year = {2008}
}

@Misc{3gpp:090960,
    title = {{Configuration of Fast Dormancy in Release 8}},
    howpublished = {3GPP discussion and decision notes RP-090960},
    year = {2009}
}

@Misc{3gpp:090941,
    title = {{System Impact of Poor Proprietary Fast Dormancy}},
    howpublished = {3GPP discussion and decision notes RP-090941},
    year = {2009}
}

@InProceedings{ChatterjeeD02,
  author    = {Mainak Chatterjee and Sajal K. Das},
  title     = {{Optimal MAC State Switching for CDMA2000 Networks}},
  booktitle = {INFOCOM},
  year      = {2002},
}

@InProceedings{zhang10,
  author    = {Lide Zhang and Birjodh Tiwana and Zhiyun Qian and Zhaoguang Wang and Robert Dick and Z. Morley Mao and Lei Yang},
  title     = {{Accurate Online Power Estimation and Automatic Battery Behavior Based Power Model Generation for Smartphones}},
  booktitle = {CODES+ISSS},
  year      = {2010},
}

@InProceedings{huang10,
  author = 	 {Junxian Huang and Qiang Xu and Birjodh Tiwana and Z. Morley Mao and Ming Zhang and Paramvir Bahl},
  title = 	 {{Anatomizing Application Performance Differences on Smartphones}},
  booktitle = MOBISYS,
  year = 	 {2010},
}

@InProceedings{shepard10,
  author = 	 {Clayton Shepard and Ahmad Rahmati and Chad Tossell and Lin Zhong and Phillip Kortum},
  title = 	 {{LiveLab: Measuring Wireless Networks and Smartphone Users in the Field}},
  booktitle = {HotMetrics},
  year = 	 {2010},
}

@InProceedings{chakravorty02,
  author = {Rajiv Chakravorty and Ian Pratt },
  title =    {{WWW Performance over GPRS}},
  year =     {2002},
  booktitle = {IEEE MWCN},
}

@InProceedings{ville11,
  author = {Ville Kononen and Pekka Paakkonen},
  title =    {{Optimizing Power Consumption of Always-On Applications Based on Timer Alignment}},
  year =     {2011},
  booktitle = {COMSNETS},
}


@InProceedings{erman09,
  author = {Jeffrey Erman and Alexandre Gerber and Mohammad Hajiaghayi and Dan Pei and Oliver Spatscheck},
  title =    {{Network-Aware Forward Caching}},
  year =     {2009},
  booktitle = WWW,
}

@Misc{4gbook,
    author = {Stefania Sesia and Issam Toufik and Matthew Baker},
    title = {{LTE: The UMTS Long Term Evolution From Theory to Practice}},
    howpublished = {John Wiley and Sons, Inc.},
    year = {2009},
    pages = {106--107}
}

@Misc{att_coverage,
    title = {{A Call for More Energy-Efficient Apps}},
    howpublished = {\url{http://www.research.att.com/articles/featured_stories/2011_03/201102_Energy_efficient}}
}

@Misc{aro_production,
    title = {{AT\&T Application Resource Optimizer (ARO)}},
    howpublished = {\url{http://www.research.att.com/articles/featured_stories/2012_01/201201_ARO_Release}}
}

@Misc{yuiblog080206,
    title = {{iPhone Cacheability - Making it Stick}},
    howpublished = {\url{http://www.yuiblog.com/blog/2008/02/06/iphone-cacheability/}}
}

@Misc{yuiblog100628,
    title = {{Mobile Browser Cache Limits: Android, iOS, and webOS}},
    howpublished = {\url{http://www.yuiblog.com/blog/2010/06/28/mobile-browser-cache-limits/}}
}

@Misc{yuiblog100712,
    title = {{Mobile Browser Cache Limits, Revisited}},
    howpublished = {\url{http://www.yuiblog.com/blog/2010/07/12/mobile-browser-cache-limits-revisited/}}
}

@Misc{blaze,
  title =    {{Understanding Mobile Cache Sizes}},
  howpublished = {\url{http://www.blaze.io/mobile/understanding-mobile-cache-sizes/}}
}

@Misc{ssblog110628,
  title = {{(lack of) Caching for iPhone Home Screen Apps}},
  howpublished = {\url{http://www.stevesouders.com/blog/2011/06/28/lack-of-caching-for-iphone-home-screen-apps/}}
}

@Misc{ssblog100723,
  title = {{Redirect caching deep dive}},
  howpublished = {\url{http://www.stevesouders.com/blog/2010/07/23/redirect-caching-deep-dive/}}
}

@Misc{ssblog100712,
  title = {{Mobile cache file sizes}},
  howpublished = {\url{http://www.stevesouders.com/blog/2010/07/12/mobile-cache-file-sizes/}}
}

@Misc{html5,
  title = {{HTML5 (W3C working draft)}},
  howpublished = {\url{http://www.w3.org/TR/html5/}}
}

@Misc{html5_deploy,
  title = {{HTML5-enabled phones to hit 1 billion in sales in 2013}},
  howpublished = {\url{http://news.cnet.com/8301-1023_3-57339156-93/html5-enabled-phones-to-hit-1-billion-in-sales-in-2013/}}
}

@article{caceres98,
  author = {Ramon Caceres and Fred Douglis and Anja Feldmann and Gideon Glass and Michael Rabinovich},
  title =    {{Web proxy caching: the devil is in the details}},
  year =     {1998},
  journal = {SIGMETRICS Perf. Eval. Rev.},
	volume = {26},
	number = {3},
	year = {1998},
}


@inproceedings{qian_periodic,
  author =       {Feng Qian and Zhaoguang Wang and Yudong Gao and Junxian Huang and Alexandre Gerber and Z. Morley Mao and Subhabrata Sen and Oliver Spatscheck},
  title =        {Periodic Transfers in Mobile Applications: Network-wide Origin, Impact, and Optimization},
  booktitle =    WWW,
  year =         {2012}
}

@inproceedings{qian12_mobisys,
  author = 	 {Feng Qian and Kee Shen Quah and Junxian Huang and Jeffrey Erman and Alexandre Gerber and Z. Morley Mao and Subhabrata Sen and Oliver Spatscheck},
  title = 	 {{Web Caching on Smartphones: Ideal vs. Reality}},
  booktitle = MOBISYS,
  year = {2012}
}

@inproceedings{huang12_mobisys,
  author = 	 {Junxian Huang and Feng Qian and Alexandre Gerber and Z. Morley Mao and Subhabrata Sen and Oliver Spatscheck},
  title = 	 {{A Close Examination of Performance and Power Characteristics of 4G LTE Networks}},
  booktitle = MOBISYS,
  year = {2012}
}

@inproceedings{ensemble,
 author = {Feng Qian and Zhiyun Qian and Z. Morley Mao and and Atul Prakash},
 title = {Ensemble: Community-based Anomaly Detection for Popular Applications },
 booktitle = {SecureComm},
 year = {2009}
}

@inproceedings{pathaksigm09,
  author =       {Abhinav Pathak and Feng Qian and Y. Charlie Hu and Z. Morley Mao and Supranamaya Ranjan},
  title =        {Botnet Spam Campaigns Can Be Long Lasting: Evidence, Implications, and Analysis},
  booktitle =    {SIGMETRICS},
  year =         {2009}
}

@inproceedings{qian10_sigm,
  author =       {Feng Qian and Abhinav Pathak and Y. Charlie Hu and Z. Morley Mao and Yinglian Xie.},
  title =        {A Case for Unsupervised-Learning-based Spam Filtering (Extended Abstract)},
  booktitle =    {SIGMETRICS},
  year =         {2010}
}

@Misc{aro_pandora,
  title = {{AT\&T API Platform Tools used in the Pandora Mobile App}},
  howpublished = {\url{http://www.youtube.com/watch?v=3WuCDwnQyfM}}
}

@Misc{att_devlab,
  title = {{2012 AT\&T DevLab}},
  howpublished = {\url{http://2012devlab.com/}}
}

@Misc{cisco_prediction,
  title = {{Cisco Visual Networking Index}},
  howpublished = {\url{http://newsroom.cisco.com/press-release-content?type=webcontent&articleId=668380}},
  year = {2012},
}

@InProceedings{qian12_www,
  author = 	 {Feng Qian and Zhaoguang Wang and Yudong Gao and Junxian Huang and Alexandre Gerber and Z. Morley Mao and Subhabrata Sen and Oliver Spatscheck},
  title = 	 {{Periodic Transfers in Mobile Applications: Network-wide Origin, Impact, and Optimization}},
  booktitle = WWW,
  year = 	 {2012},
}

@InProceedings{qian13_pam,
  author = 	 {Feng Qian and Junxian Huang and Jeffrey Erman and Z. Morley Mao and Subhabrata Sen and and Oliver Spatscheck},
  title = 	 {{How to Reduce Smartphone Traffic Volume by 30\%?}},
  booktitle = PAM,
  year = 	 {2013},
}

@InProceedings{huang12_imc,
    author = {Junxian Huang and Feng Qian and Z. Morley Mao and Subhabrata Sen and and Oliver Spatscheck},
    title = {{Screen-Off Traffic Characterization and Optimization in 3G/4G Networks}},
    booktitle = IMC,
    year = {2012},
}

@phdthesis{qian_phd,
 author = {Feng Qian},
 title = {{Characterization and Optimization of Resource Utilization For Cellular Networks}},
 year = {2012},
 school = {University of Michigan}
}
